<?xml version="1.0" encoding="UTF-8"?><collection xmlns="http://www.loc.gov/MARC21/slim"><record><leader>00450nam--2200133-i-4500</leader><controlfield tag="001">000026594</controlfield><controlfield tag="002">20161230</controlfield><controlfield tag="005">20161230201036</controlfield><controlfield tag="008">060222s1000------------r-----000-0-eng-d</controlfield><datafield ind1=" " ind2=" " tag="080"><subfield code="a">621.382(043):621.375.826(043)</subfield></datafield><datafield ind1=" " ind2=" " tag="100"><subfield code="a">Kazkaz, Abdul-ghaffar</subfield></datafield><datafield ind1=" " ind2=" " tag="245"><subfield code="a">Realisation dans le silicium de dopages et de recuits de couches implantees par tir laser. these</subfield></datafield><datafield ind1=" " ind2=" " tag="260"><subfield code="a">Grenoble, Universite Scientifique Et Medicale, 1973, 51p.+ 54 Fig</subfield></datafield><datafield ind1=" " ind2=" " tag="852"><subfield code="a">42146</subfield></datafield></record></collection>